<?xml version="1.0" encoding="UTF-8"?><collection xmlns="http://www.loc.gov/MARC21/slim"><record><leader>00342nam--2200133-i-4500</leader><controlfield tag="001">000041866</controlfield><controlfield tag="002">20161230</controlfield><controlfield tag="005">20161230201043</controlfield><controlfield tag="008">060222s1000------------r-----000-0-eng-d</controlfield><datafield ind1=" " ind2=" " tag="080"><subfield code="a">543.51:547.7/8</subfield></datafield><datafield ind1=" " ind2=" " tag="100"><subfield code="a">Smakman,Robert</subfield></datafield><datafield ind1=" " ind2=" " tag="245"><subfield code="a">Mass spectrometry of some stuarated heterocycles</subfield></datafield><datafield ind1=" " ind2=" " tag="260"><subfield code="a">Amsterdam, Univ.,1970. 96 P</subfield></datafield><datafield ind1=" " ind2=" " tag="852"><subfield code="a">35770</subfield></datafield></record></collection>